
@Article{Albrechtetal2011,
  author	= {Albrecht, T. and M. Martin and M. Haseloff and R.
		  Winkelmann and A. Levermann},
  title		= {Parameterization for subgrid-scale motion of ice-shelf
		  calving fronts},
  journal	= {The Cryosphere},
  volume	= {5},
  year		= {2011},
  pages		= {35--44}
}

@Article{Alexander1977,
  author	= {Alexander, R.},
  title		= {Diagonally implicit {R}unge-{K}utta Methods for stiff {ODE}s},
  journal	= {SIAM J. Numer. Anal.},
  volume	= {14},
  number	= {6},
  year		= {1977},
  pages		= {1006--1021}
}

@Article{AlonsoSantillanaDawson,
  author	= {Alonso, R. and M. Santillana and C. Dawson},
  title		= {On the diffusive wave approximation of the shallow water
		  equations},
  journal	= {Eur. J. Appl. Math.},
  volume	= {19},
  number	= {5},
  year		= {2008},
  pages		= {575--606}
}

@book{AscherPetzold,
    AUTHOR = {Ascher, U. and L. Petzold},
     TITLE = {Computer {M}ethods for {O}rdinary {D}ifferential {E}quations and
              {D}ifferential-algebraic {E}quations},
 PUBLISHER = {SIAM Press},
   ADDRESS = {Philadelphia, PA},
      YEAR = {1998},
}

@Article{AschwandenBuelerKhroulevBlatter,
  author	= {A. Aschwanden and E. Bueler and C. Khroulev and H.
		  Blatter},
  title		= {An enthalpy formulation for glaciers and ice sheets},
  journal	= {J. Glaciol.},
  volume	= {58},
  number	= {209},
  year		= {2012},
  pages		= {441--457},
  doi		= {10.3189/2012JoG11J088}
}

@Article{BLKCB,
  author	= {E. Bueler and C. S. Lingle and J. A. Kallen-Brown and D.
		  N. Covey and L. N. Bowman},
  title		= {Exact solutions and numerical verification for isothermal
		  ice sheets},
  journal	= {J. Glaciol.},
  volume	= {51},
  number	= {173},
  pages		= {291--306},
  year		= {2005}
}

@Article{BuelervanPeltdraft,
  author	= {Bueler, E. and van Pelt, W.},
  title		= {Mass-conserving subglacial hydrology in the {Parallel Ice
		  Sheet Model}},
  journal	= {Geoscientific Model Development Discussions},
  volume	= {7},
  year		= {2014},
  number	= {4},
  pages		= {4705--4775},
  url		= {http://www.geosci-model-dev-discuss.net/7/4705/2014/},
  doi		= {10.5194/gmdd-7-4705-2014}
}

@Article{CDDSV,
  author	= {N. Calvo and others},
  title		= {On a doubly nonlinear parabolic obstacle problem modelling
		  ice sheet dynamics},
  year		= {2002a},
  journal	= {SIAM J. Appl. Math.},
  volume	= {63},
  number	= {2},
  pages		= {683--707}
}

@Article{EgholmNielsen2010,
  author	= {Egholm, D. and Nielsen, S.},
  title		= {An adaptive finite volume solver for ice sheets and
		  glaciers},
  journal	= {J. Geophys. Res.: Earth Surface},
  volume	= {115},
  number	= {F1},
  doi		= {10.1029/2009JF001394},
  year		= {2010}
}

@Book {Evans,
    AUTHOR = {L. Evans},
     TITLE = {Partial {D}ifferential {E}quations},
 PUBLISHER = {American Mathematical Society},
      YEAR = {1998},
}

@Book{Friedman,
  author	= {A. Friedman},
  title		= {Variational inequalities and free boundary problems},
  publisher	= {Wiley Interscience},
  year		= {1982}
}

@Article{JaroschSchoofAnslow2013,
  author	= {Jarosch, A. H. and Schoof, C. G. and Anslow, F. S.},
  title		= {Restoring mass conservation to shallow ice flow models
		  over complex terrain},
  journal	= {The Cryosphere},
  volume	= {7},
  year		= {2013},
  number	= {1},
  pages		= {229--240},
  doi		= {10.5194/tc-7-229-2013}
}

@Article{JouvetBueler2012,
  author	= {G. Jouvet and E. Bueler},
  title		= {Steady, shallow ice sheets as obstacle problems:
		  well-posedness and finite element approximation},
  journal	= {SIAM J. Appl. Math.},
  volume	= {72},
  number	= {4},
  pages		= {1292--1314},
  doi		= {10.1137/110856654},
  year		= {2012}
}

@Book{KinderlehrerStampacchia,
  author	= {D. Kinderlehrer and G. Stampacchia},
  title		= {An {I}ntroduction to {V}ariational {I}nequalities and
		  their {A}pplications},
  series	= {Pure and Applied Mathematics},
  publisher	= {Academic Press},
  year		= {1980}
}

@Article{Kondic,
  author	= {Kondic, L.},
  title		= {Instabilities in gravity driven flow of thin fluid films},
  journal	= {SIAM Rev.},
  volume	= {45},
  year		= {2003},
  number	= {1},
  pages		= {95--115 (electronic)}
}

@Article{Lengetal2014,
  title={Finite element three-dimensional Stokes ice sheet dynamics model with enhanced local mass conservation},
  author={Leng, W. and Ju, L. and Xie, Y. and Cui, T. and Gunzburger, M.},
  journal={J. Computational Physics},
  volume={274},
  pages={299--311},
  year={2014},
}

@Article{Maxwelletal2014,
AUTHOR = {Maxwell, R. M. and Condon, L. E. and Kollet, S. J.},
TITLE = {Simulation of groundwater and surface water over the continental {US} using a hyperresolution, integrated hydrologic model},
JOURNAL = {Geoscientific Model Development Discussions},
VOLUME = {7},
YEAR = {2014},
NUMBER = {6},
PAGES = {7317--7349},
DOI = {10.5194/gmdd-7-7317-2014}
}

@Article{PeglerWorster2012,
  author	= {S. S. Pegler and M. G. Worster},
  title		= {Dynamics of a viscous layer flowing radially over an
		  inviscid ocean},
  journal	= {J. Fluid Mech.},
  volume	= {696},
  year		= {2012},
  pages		= {152--174},
  doi		= {10.1017/jfm.2012.21}
}

@Article{SayagWorster2013,
  author	= {R. Sayag and M. G. Worster},
  title		= {Axisymmetric gravity currents of power-law fluids over a
		  rigid horizontal surface},
  journal	= {J. Fluid Mech.},
  volume	= {716},
  year		= {2013},
  doi		= {10.1017/jfm.2012.545}
}

@Article{Schoofetal2012,
  author	= {C. Schoof and I. J. Hewitt and M. A. Werder},
  title		= {Flotation and free surface flow in a model for subglacial
		  drainage. {P}art {I}: {D}istributed drainage},
  journal	= {J. Fluid Mech.},
  volume	= {702},
  pages		= {126--156},
  year		= {2012}
}

