
@Article{Albrechtetal2011,
  author	= {Albrecht, T. and M. Martin and M. Haseloff and R.
		  Winkelmann and A. Levermann},
  title		= {Parameterization for subgrid-scale motion of ice-shelf
		  calving fronts},
  journal	= {The Cryosphere},
  volume	= {5},
  year		= {2011},
  pages		= {35--44}
}

@Article{Aschwandenetal2012,
  author	= {A. Aschwanden and E. Bueler and C. Khroulev and H.
		  Blatter},
  title		= {An enthalpy formulation for glaciers and ice sheets},
  journal	= {J. Glaciol.},
  volume	= {58},
  number	= {209},
  year		= {2012},
  pages		= {441--457},
  doi		= {10.3189/2012JoG11J088}
}

@TechReport{Balayetal2014,
    Author     = "S. Balay and others",
   Title       = "{PETS}c {U}sers {M}anual--Revision 3.5",
   Number      = "ANL-95/11",
   Institution = "Argonne National Laboratory",
   Year        = "2014",
   url         = "http://www.mcs.anl.gov/petsc/",
}

@article{BensonMunson2006,
  title={Flexible complementarity solvers for large-scale applications},
  author={Benson, S. and Munson, T.},
  journal={Optimization Methods and Software},
  volume={21},
  number={1},
  pages={155--168},
  year={2006},
}

@techreport {Bueler2003,
    AUTHOR = {E. Bueler},
     TITLE = {Construction of steady state solutions for isothermal shallow ice sheets},
INSTITUTION = {University of Alaska, Fairbanks},
      TYPE = {Dept.~of Mathematical Sciences Tech.~Rep.},
    NUMBER = {03-02},
      YEAR = {2003},
}

@Article{Bueleretal2005,
  author	= {E. Bueler and C. S. Lingle and J. A. Kallen-Brown and D.
		  N. Covey and L. N. Bowman},
  title		= {Exact solutions and numerical verification for isothermal
		  ice sheets},
  journal	= {J. Glaciol.},
  volume	= {51},
  number	= {173},
  pages		= {291--306},
  year		= {2005}
}

@article {Bueleretal2007,
    AUTHOR = {E. Bueler and J. Brown and C. Lingle},
     TITLE = {Exact solutions to the thermomechanically coupled shallow ice approximation:
              effective tools for verification},
   JOURNAL = {J. Glaciol.},
    VOLUME = {53},
    NUMBER = {182},
     PAGES = {499--516},
      YEAR = {2007},
}

@article {BuelerBrown2009,
    AUTHOR = {E. Bueler and J. Brown},
     TITLE = {Shallow shelf approximation as a ``sliding law'' in a 
              thermodynamically coupled ice sheet model},
   JOURNAL = {J. Geophys. Res.},
    VOLUME = {114},
      NOTE = {F03008, doi:10.1029/2008JF001179},
      YEAR = {2009},
}

@Article{BuelervanPeltdraft,
  author	= {Bueler, E. and van Pelt, W.},
  title		= {Mass-conserving subglacial hydrology in the {Parallel Ice
		  Sheet Model}},
  journal	= {Geoscientific Model Development Discussions},
  volume	= {7},
  year		= {2014},
  number	= {4},
  pages		= {4705--4775},
  url		= {http://www.geosci-model-dev-discuss.net/7/4705/2014/},
  doi		= {10.5194/gmdd-7-4705-2014}
}

@article{Cai1990,
  author = {Cai, Z.},
   title = {On the finite volume element method},
 journal = {Numerische Mathematik},
  volume = {58},
  number = {1},
    year = {1990},
     doi = {10.1007/BF01385651},
   pages = {713--735},
}

@article{CalvoDuranyVazquez2000,
author = "N. Calvo and J. Durany and C. V\'azquez",
title = "Numerical computation of ice sheet profiles with free boundary models",
journal = "Appl. Numer. Math.",
volume = "35",
number = "2",
pages = "111--128",
year = "2000",
doi = "http://dx.doi.org/10.1016/S0168-9274(99)00052-5",
}

@book {Ciarlet2002,
    AUTHOR = {Ciarlet, P. G.},
     TITLE = {The {F}inite {E}lement {M}ethod for {E}lliptic {P}roblems},
      NOTE = {Reprint of the 1978 original},
 PUBLISHER = {SIAM Press},
      YEAR = {2002},
}

@article{CurtisPowellReid1974,
  title={On the estimation of sparse Jacobian matrices},
  author={Curtis, AR and Powell, Michael JD and Reid, John K},
  journal={J. Inst. Math. Appl},
  volume={13},
  number={1},
  pages={117--120},
  year={1974},
}

@Article{EgholmNielsen2010,
  author	= {Egholm, D. and Nielsen, S.},
  title		= {An adaptive finite volume solver for ice sheets and
		  glaciers},
  journal	= {J. Geophys. Res.: Earth Surface},
  volume	= {115},
  number	= {F1},
  doi		= {10.1029/2009JF001394},
  year		= {2010}
}

@book{Elmanetal2005,
  title={Finite {E}lements and {F}ast {I}terative {S}olvers: with {A}pplications
         in {I}ncompressible {F}luid {D}ynamics},
  author={Elman, H. C. and Silvester, D. J. and Wathen, A. J.},
  year={2005},
  publisher={Oxford University Press}
}

@Book {Evans1998,
    AUTHOR = {L. Evans},
     TITLE = {Partial {D}ifferential {E}quations},
 PUBLISHER = {American Mathematical Society},
      YEAR = {1998},
}

@article{EwingLinLin2002,
  title={On the accuracy of the finite volume element method based on piecewise linear polynomials},
  author={Ewing, R. E. and Lin, T. and Lin, Y.},
  journal={SIAM J. Num. Analysis},
  volume={39},
  number={6},
  pages={1865--1888},
  year={2002},
}

@book {Fowler1997,
    AUTHOR = {A. C. Fowler},
     TITLE = {Mathematical Models in the Applied Sciences},
 PUBLISHER = {Cambridge Univ. Press},
      YEAR = {1997},
}

@article {GoldsbyKohlstedt2001,
    AUTHOR = {D. L. Goldsby and D. L. Kohlstedt},
     TITLE = {Superplastic deformation of ice: experimental observations},
   JOURNAL = {J. Geophys. Res.},
    VOLUME = {106},
    NUMBER = {M6},
     PAGES = {11017--11030},
      YEAR = {2001},
}

@book{GreveBlatter2009,
    AUTHOR = {R. Greve and H. Blatter},
     TITLE = {Dynamics of {I}ce {S}heets and {G}laciers},
    SERIES = {Advances in Geophysical and Environmental
              Mechanics and Mathematics},
 PUBLISHER = {Springer},
      YEAR = {2009},
}

@article{Hindmarshetal1987,
author = {Hindmarsh, R. C. A. and Morland, L. W. and Boulton, G. S. and Hutter, K.},
title = {The unsteady plane flow of ice-sheets: A parabolic problem with two moving boundaries},
journal = {Geophysical \& Astrophysical Fluid Dynamics},
volume = {39},
number = {3},
pages = {183-225},
year = {1987},
doi = {10.1080/03091928708208812},
}

@article {HindmarshHutter1988,
author = {Hindmarsh, R. C. A. and Hutter, K.},
title = {Numerical fixed domain mapping solution of free-surface flows coupled with an evolving interior field},
journal = {Int. J. Numer. Analytical Meth. Geomechanics},
volume = {12},
number = {4},
url = {http://dx.doi.org/10.1002/nag.1610120407},
doi = {10.1002/nag.1610120407},
pages = {437--459},
year = {1988},
}

@article{HindmarshPayne1996,
  title={Time-step limits for stable solutions of the ice-sheet equation},
  author={Hindmarsh, R. C. A. and Payne, A. J.},
  journal={Ann. Glaciol.},
  volume={23},
  pages={74--85},
  year={1996}
}

@book {Hutter1983,
    AUTHOR = {K. Hutter},
     TITLE = {Theoretical {G}laciology},
 PUBLISHER = {D. Reidel},
      YEAR = {1983},
}

@article{Huybrechtsetal1996,
  title={The {EISMINT} benchmarks for testing ice-sheet models},
  author={Huybrechts, P. and others},
  journal={Ann. Glaciol.},
  volume={23},
  pages={1--12},
  year={1996},
}

@Article{JaroschSchoofAnslow2013,
  author	= {Jarosch, A. H. and Schoof, C. G. and Anslow, F. S.},
  title		= {Restoring mass conservation to shallow ice flow models
		  over complex terrain},
  journal	= {The Cryosphere},
  volume	= {7},
  year		= {2013},
  number	= {1},
  pages		= {229--240},
  doi		= {10.5194/tc-7-229-2013}
}

@Article{JouvetBueler2012,
  author	= {G. Jouvet and E. Bueler},
  title		= {Steady, shallow ice sheets as obstacle problems:
		  well-posedness and finite element approximation},
  journal	= {SIAM J. Appl. Math.},
  volume	= {72},
  number	= {4},
  pages		= {1292--1314},
  doi		= {10.1137/110856654},
  year		= {2012}
}

@book{Kelley2003,
  title={Solving {N}onlinear {E}quations with {N}ewton's {M}ethod},
  author={Kelley, C.},
  year={2003},
  publisher={SIAM Press},
}

@article{KelleyKeyes1998,
  title={Convergence analysis of pseudo-transient continuation},
  author={Kelley, C. and Keyes, D.},
  journal={SIAM J. Num. Analysis},
  volume={35},
  number={2},
  pages={508--523},
  year={1998},
}

@Book{KinderlehrerStampacchia1980,
  author	= {D. Kinderlehrer and G. Stampacchia},
  title		= {An {I}ntroduction to {V}ariational {I}nequalities and
		  their {A}pplications},
  series	= {Pure and Applied Mathematics},
  publisher	= {Academic Press},
  year		= {1980}
}

@Article{Lengetal2014,
  title={Finite element three-dimensional Stokes ice sheet dynamics model with enhanced local mass conservation},
  author={Leng, W. and Ju, L. and Xie, Y. and Cui, T. and Gunzburger, M.},
  journal={J. Computational Physics},
  volume={274},
  pages={299--311},
  year={2014},
}

@book {LeVeque2002,
    AUTHOR = {R. J. LeVeque},
     TITLE = {Finite Volume Methods for Hyperbolic Problems},
    SERIES = {Cambridge Texts in Applied Mathematics},
 PUBLISHER = {Cambridge University Press},
      YEAR = {2002},
}

@article {Mahaffy1976,
    AUTHOR = {M. W. Mahaffy},
     TITLE = {A three--dimensional numerical model of ice sheets: tests on the
              {B}arnes {I}ce {C}ap, {N}orthwest {T}erritories},
   JOURNAL = {J. Geophys. Res.},
    VOLUME = {81},
    NUMBER = {6},
     PAGES = {1059--1066},
      YEAR = {1976},
}

@book {MortonMayers2005,
    AUTHOR = {K. W. Morton and D. F. Mayers},
     TITLE = {Numerical {S}olutions of {P}artial {D}ifferential {E}quations:
              {A}n {I}ntroduction},
 PUBLISHER = {Cambridge University Press},
 edition   = {2nd},
      YEAR = {2005},
}

@article{Ringleretal2013,
  title={A multi-resolution approach to global ocean modeling},
  author={Ringler, T. and Petersen, M. and Higdon, R. and Jacobsen, D. and Jones, P. and Maltrud, M.},
  journal={Ocean Modelling},
  volume={69},
  pages={211--232},
  year={2013},
}

@Article{SayagWorster2013,
  author  = {R. Sayag and M. G. Worster},
  title   = {Axisymmetric gravity currents of power-law fluids over a
             rigid horizontal surface},
  journal = {J. Fluid Mech.},
  volume  = {716},
  year    = {2013},
  doi     = {10.1017/jfm.2012.545}
}

@inproceedings{Strang1972,
  title={Variational crimes in the finite element method},
  author={Strang, G.},
  booktitle={The {M}athematical {F}oundations of the {F}inite {E}lement {M}ethod with {A}pplications to {P}artial {D}ifferential {E}quations},
  pages={689--710},
  year={1972},
  publisher={Academic Press}
}

@book{vanderVeen2013,
    AUTHOR = {C. J. van der Veen},
     TITLE = {Fundamentals of {G}lacier {D}ynamics},
    EDITION = {2nd},
 PUBLISHER = {CRC Press},
      YEAR = {2013},
}

@article {Vazquezetal2003,
    author = {C. V\'azquez and E. Schiavi and J. Durany and J. I. D\'iaz and N. Calvo},
     TITLE = {On a doubly nonlinear parabolic obstacle problem modelling
              ice sheet dynamics},
      YEAR = {2003},
   JOURNAL = {SIAM J. Appl. Math.},
    VOLUME = {63},
    NUMBER = {2},
     PAGES = {683--707},
       doi = {10.1137/S0036139901385345},
}
    % above has author list and date as in online version
    % author list on preprint and print version:
    %   AUTHOR = {N. Calvo and J. D\'iaz and J. Durany and E. Schiavi and C. V\'azquez},
    % "copyright 2002" on print version

@Article{Winkelmannetal2011,
AUTHOR = {Winkelmann, R. and Martin, M. A. and Haseloff, M. and Albrecht, T. and Bueler, E. and Khroulev, C. and Levermann, A.},
TITLE = {The {P}otsdam {P}arallel {I}ce {S}heet {M}odel ({PISM-PIK}) {P}art 1: {M}odel description},
JOURNAL = {The Cryosphere},
VOLUME = {5},
YEAR = {2011},
PAGES = {715--726},
}

